@inproceedings{mpwc_symmSurvey_12,
AUTHOR = "Niloy J. Mitra and Mark Pauly and Michael Wand and Duygu Ceylan",
title = "Symmetry in 3D Geometry: Extraction and Applications",   
booktitle = "EUROGRAPHICS State-of-the-art Report", 
url = {http://dx.doi.org/10.1111/cgf.12010},
doi = {10.1111/cgf.12010},
YEAR = "2012",
}

@article{Podolak:2006:APS,
  author = "Joshua Podolak and Philip Shilane and Aleksey Golovinskiy and
    Szymon Rusinkiewicz and Thomas Funkhouser",
  title = "A Planar-Reflective Symmetry Transform for {3D} Shapes",
  journal = "ACM Transactions on Graphics (Proc. SIGGRAPH)",
  year = "2006",
  month = jul,
  volume = "25",
  number = "3"
}
